@article{nassar2007cassava,
  title={Cassava improvement: challenges and impacts},
  author={Nassar, NMA and Ortiz, R},
  journal={The Journal of Agricultural Science},
  volume={145},
  number={2},
  pages={163},
  year={2007},
  publisher={Cambridge Univ Press}
}

